<?xml version="1.0" encoding="UTF-8"?><collection xmlns="http://www.loc.gov/MARC21/slim"><record><leader>00447nam--2200133-i-4500</leader><controlfield tag="001">000038280</controlfield><controlfield tag="002">20161230</controlfield><controlfield tag="005">20161230201041</controlfield><controlfield tag="008">060222s1000------------r-----000-0-eng-d</controlfield><datafield ind1=" " ind2=" " tag="080"><subfield code="a">530.145</subfield></datafield><datafield ind1=" " ind2=" " tag="100"><subfield code="a">Prugovecki, Eduard</subfield></datafield><datafield ind1=" " ind2=" " tag="245"><subfield code="a">Stochastic quantum mechanics and quantum spacetime. a consistent unification of relativity and quantum theory based on stochastic spaces</subfield></datafield><datafield ind1=" " ind2=" " tag="490"><subfield code="a">Dordrecht, D. Reidel Publ. Co., 1984. Xiii+302p</subfield></datafield><datafield ind1=" " ind2=" " tag="852"><subfield code="a">72662</subfield></datafield></record></collection>